@article{bourdin2008variational,
  title={The variational approach to fracture},
  author={Bourdin, Blaise and Francfort, Gilles A and Marigo, Jean-Jacques},
  journal={Journal of elasticity},
  volume={91},
  number={1},
  pages={5--148},
  year={2008},
  publisher={Springer}
}

@inproceedings{kuhn2008phase,
  title={A phase field model for fracture},
  author={Kuhn, C and M{\"u}ller, R},
  booktitle={PAMM: Proceedings in Applied Mathematics and Mechanics},
  volume={8},
  number={1},
  pages={10223--10224},
  year={2008},
  organization={Wiley Online Library}
}

@article{gurtin1996generalized,
  title={Generalized Ginzburg-Landau and Cahn-Hilliard equations based on a microforce balance},
  author={Gurtin, Morton E},
  journal={Physica D: Nonlinear Phenomena},
  volume={92},
  number={3-4},
  pages={178--192},
  year={1996},
  publisher={Elsevier}
}

@article{Moelans2008,
  author = "Moelans, N. and Blanpain, B. and Wollants, P.",
  title = "Quantitative analysis of grain boundary properties in a generalized phase field model for grain growth in anisotropic systems",
  journal = "Phys. Rev. B",
  volume = "78",
  issue = "2",
  pages = "024113",
  numpages = "23",
  year = "2008",
  month = "Jul",
  publisher = "American Physical Society"
}

@article{oguma_1982,
  Author = "Oguma, M.",
  Date-Added = "2014-10-06 00:57:13 +0000",
  Date-Modified = "2014-10-06 00:58:14 +0000",
  Journal = "Journal of Nuclear Science and Technology",
  Number = "12",
  Pages = "1005-1014",
  Title = "Microstructure effects on fracture strength of {UO$_2$} fuel pellets",
  Volume = "19",
  Year = "1982"
}

@techreport{Aagesen2020,
author = "Aagesen, L. K. and Biswas, S. and Jiang, W. and Jokisaari, A. M. and Andersson, D. and Cooper, M. W. D. and Matthews, C.",
Institution = "Idaho National Laboratory",
Number = "INL/EXT-20-00558",
Title = "Determine fragmentation criteria in high-burnup {UO$_2$} fuel during accident conditions",
Year = "2020"
}

@article{alessi_gradient_2014,
  author = "Alessi, Roberto and Marigo, Jean-Jacques and Vidoli, Stefano",
  title = "Gradient Damage Models Coupled with Plasticity and Nucleation of Cohesive Cracks",
  volume = "214",
  issn = "0003-9527, 1432-0673",
  language = "en",
  number = "2",
  journal = "Archive for Rational Mechanics and Analysis",
  month = "November",
  year = "2014",
  pages = "575--615",
  file = "s00205-014-0763-8.pdf:/Users/btalami/Documents/References/s00205-014-0763-8.pdf:application/pdf"
}

@article{alessi_gradient_2015,
  author = "Alessi, Roberto and Marigo, Jean-Jacques and Vidoli, Stefano",
  title = "Gradient damage models coupled with plasticity: Variational formulation and main properties",
  journal = "Mechanics of Materials",
  year = "2015",
  pages = "351--367"
}

@article{alessi_coupling_2018,
author = "Alessi, Roberto and Marigo, Jean-Jacques and Maurini, Corrado and Vidoli, Stefano",
title = "Coupling damage and plasticity for a phase-field regularisation of brittle, cohesive and ductile fracture: {One}-dimensional examples",
volume = "149",
issn = "0020-7403",
journal = "International Journal of Mechanical Sciences",
month = "December",
year = "2018",
keywords = "Ductile fracture, Phase-field, Cohesive fracture, Variational methods",
pages = "559--576"
}

@article{ambati_phase-field_2015,
  author = "Ambati, M. and Gerasimov, T. and Lorenzis, L. De",
  title = "Phase-field modeling of ductile fracture",
  volume = "55",
  issn = "0178-7675, 1432-0924",
  language = "en",
  number = "5",
  journal = "Computational Mechanics",
  month = "May",
  year = "2015",
  pages = "1017--1040"
}

@article{miehe_phase_2016,
  author = "Miehe, Christian and Aldakheel, Fadi and Raina, Arun",
  title = "Phase field modeling of ductile fracture at finite strains: A variational gradient-extended plasticity-damage theory",
  volume = "84",
  issn = "0749-6419",
  shorttitle = "Phase field modeling of ductile fracture at finite strains",
  journal = "International Journal of Plasticity",
  month = "September",
  year = "2016",
  keywords = "Phase field modeling, A. Crack Propagation and Arrest, B. Elastic-Viscoplastic Material, B. Finite Strain, C. Variational Calculus",
  pages = "1--32"
}

@incollection{borden_phase-field_2017,
  author = "Borden, Michael J. and Hughes, Thomas J. R. and Landis, Chad M. and Anvari, Amin and Lee, Isaac J.",
  title = "Phase-Field Formulation for Ductile Fracture",
  volume = "46",
  isbn = "978-3-319-60885-3",
  language = "English",
  booktitle = "Advances in Computational Plasticity: A Book in Honour of D. Roger J. Owen",
  publisher = "Springer International Publishing",
  month = "September",
  year = "2017",
  pages = "443"
}

@article{ambati2016phase,
  author = "Ambati, Marreddy and Kruse, Roland and De Lorenzis, Laura",
  title = "A phase-field model for ductile fracture at finite strains and its experimental verification",
  journal = "Computational Mechanics",
  volume = "57",
  number = "1",
  pages = "149--167",
  year = "2016",
  publisher = "Springer"
}

@article{borden2016phase,
  author = "Borden, Michael J and Hughes, Thomas JR and Landis, Chad M and Anvari, Amin and Lee, Isaac J",
  title = "A phase-field formulation for fracture in ductile materials: Finite deformation balance law derivation, plastic degradation, and stress triaxiality effects",
  journal = "Computer Methods in Applied Mechanics and Engineering",
  volume = "312",
  pages = "130--166",
  year = "2016",
  publisher = "Elsevier"
}

@article{xue2020stress,
  author = "Xue, Fei and Cheng, Tian-Le and Wen, You-Hai",
  title = "Stress Analysis of the Steam-Side Oxide of Boiler Tubes: Contributions from Thermal Strain, Interface Roughness, Creep, and Oxide Growth",
  journal = "Oxidation of Metals",
  volume = "93",
  number = "5",
  pages = "515--543",
  year = "2020",
  publisher = "Springer"
}
